@misc{rasaframework,
      title={Rasa Framework},
      howpublished={\url{https://rasa.com/}}
}
@misc{rasarules,
      title={Rasa Rules},
      howpublished={\url{https://rasa.com/docs/rasa/2.x/rules}}
}
@misc{rasachatfaqs,
      title={Rasa Chitchat and FAQs},
      howpublished={\url{https://rasa.com/docs/rasa/2.x/chitchat-faqs/}}
}
@misc{rasamempol,
      title={Rasa Memoization Policy},
      howpublished={\url{https://rasa.com/docs/rasa/policies/#memoization-policy}}
}
@misc{rasarulepol,
      title={Rasa Rule Policy},
      howpublished={\url{https://rasa.com/docs/rasa/policies/#rule-policy}}
}
@misc{rasated,
      title={Rasa TED Policy},
      howpublished={\url{https://rasa.com/docs/rasa/policies/#ted-policy}}
}
@misc{rasafallbackclassf,
      title={Fallback Classifier},
      howpublished={\url{https://rasa.com/docs/rasa/components/#fallbackclassifier}}
}
@misc{responsesel,
      title={Response Selector},
      howpublished={\url{https://rasa.com/docs/rasa/components#responseselector}}
}
@misc{rasasuggestedconf,
      title={Suggested Config},
      howpublished={\url{https://rasa.com/docs/rasa/model-configuration/#suggested-config}}
}
@misc{rasatoalexa,
      title={Connecting Rasa to Alexa},
      howpublished={\url{https://rasa.com/blog/connect-your-rasa-ai-assistant-to-amazon-alexa/}}
}
@misc{rasainteractive,
      title={Rasa Interactive},
      howpublished={\url{https://rasa.com/docs/rasa/2.x/command-line-interface/#rasa-interactive}}
}
@misc{rasatest,
      title={Testing Rasa assistants},
      howpublished={\url{https://rasa.com/docs/rasa/2.x/testing-your-assistant/}}
}
@misc{spacy,
      title={SpaCy NLP},
      howpublished={\url{https://spacy.io/}}
}
@misc{tedpol,
  doi = {10.48550/ARXIV.1910.00486},
  
  url = {https://arxiv.org/abs/1910.00486},
  
  author = {Vlasov, Vladimir and Mosig, Johannes E. M. and Nichol, Alan},
  
  keywords = {Computation and Language (cs.CL), FOS: Computer and information sciences, FOS: Computer and information sciences},
  
  title = {Dialogue Transformers},
  
  publisher = {arXiv},
  
  year = {2019},
  
  copyright = {arXiv.org perpetual, non-exclusive license}
}
@misc{diet,
  doi = {10.48550/ARXIV.2004.09936},
  
  url = {https://arxiv.org/abs/2004.09936},
  
  author = {Bunk, Tanja and Varshneya, Daksh and Vlasov, Vladimir and Nichol, Alan},
  
  keywords = {Computation and Language (cs.CL), FOS: Computer and information sciences, FOS: Computer and information sciences},
  
  title = {DIET: Lightweight Language Understanding for Dialogue Systems},
  
  publisher = {arXiv},
  
  year = {2020},
  
  copyright = {arXiv.org perpetual, non-exclusive license}
}
